<?xml version="1.0" encoding="UTF-8"?><collection xmlns="http://www.loc.gov/MARC21/slim"><record><leader>00409nam--2200121-i-4500</leader><controlfield tag="001">000019385</controlfield><controlfield tag="002">20161230</controlfield><controlfield tag="005">20161230201033</controlfield><controlfield tag="008">060222s1000------------r-----000-0-eng-d</controlfield><datafield ind1=" " ind2=" " tag="080"><subfield code="a">33</subfield></datafield><datafield ind1=" " ind2=" " tag="245"><subfield code="a">Eficienta si crestere economica.comunicari prezentate la sesiunea stiintifica organizata in cinstea semicentenarului p.c.r., aprilie 1971</subfield></datafield><datafield ind1=" " ind2=" " tag="260"><subfield code="a">Bucuresti, Editura Academiei R.S.R., 1972. 755 P</subfield></datafield><datafield ind1=" " ind2=" " tag="852"><subfield code="a">37071</subfield></datafield></record></collection>